@techreport{libfirm,
  title = {{libFIRM} -- A Library for Compiler Optimization Research Implementing {FIRM}},
  year = {2002},
  month = sep,
  publisher = {Universit{\"a}t Karlsruhe, Fakult{\"a}t f{\"u}r Informatik},
  number = {2002-5},
  pages = {75},
  chapter = {9},
  author = {G{\"o}tz Lindenmaier},
  url = {http://www.info.uni-karlsruhe.de/papers/Lind\_02-firm\_tutorial.ps},
}
@book{lattice_theory,
	TITLE="Lattice Theory - Third edition",
	YEAR="1995",
	AUTHOR="Garrett Birkhoff",
	PUBLISHER="American Mathematical Society, Colloquium Publications",
}
@book{fixed-point-iteration-basic,
	TITLE="Iterative Approximation of Fixed Points",
	YEAR="2007",
	AUTHOR="Vasile Berinde",
	PUBLISHER="Springer, Berlin, Heidelberg",
	chapter=1
}
@paper{bitwidth-analysis-mit,
	title= {Bit-Width Analysis for General Applications},
	author="Yang Ding, Weng Fai Wong",
	publisher = {Singapore-MIT Alliance, National University of Singapore},
	url = {https://dspace.mit.edu/bitstream/handle/1721.1/7412/CS00?sequence=1},
}

@paper{iterative-data-flow-analysis-revisited,
	title= {Iterative Data-flow Analysis, Revisited},
	author="Keith D. Cooper, Timothy J. Harvey, Ken Kennedy",
	publisher = {Department of Computer Science, Rice University, Houston, Texas, USA},
	url = {https://scholarship.rice.edu/bitstream/handle/1911/96324/TR04-432.pdf?sequence=1&isAllowed=y},
}	

@techreport{mpeg2-modelling,
	title = {MODELLING AND IMPLEMENTATION OF AN MPEG-2 VIDEO DECODER USING A GLAS DESIGN PATH},
	author = "Kaj Rosengren",
	publisher = "Linköpings Tekniska Högskola",
	url = {https://pdfs.semanticscholar.org/30c3/a63b48fa89cc2a673e4899c174459bc2e290.pdf}
}

@techreport{loopunrolling-effect-roccc
	title = "Impact of Loop Unrolling on Area, Throughput and Clock Frequency in ROCCC: C to VHDL Compiler for FPGAs",
	author = "Betul BuyukkurtZhi GuoWalid A. Najjar",
	publisher = {Department of Computer Science and Engineering University of California - Riverside },
	year = 2006,
}
@article{control-flow-analysis,
	author = {Allen, Frances E.},
	title = {Control Flow Analysis},
	journal = {SIGPLAN Not.},
	issue_date = {July 1970},
	volume = {5},
	number = {7},
	month = jul,
	year = {1970},
	issn = {0362-1340},
	pages = {1--19},
	numpages = {19},
	url = {http://doi.acm.org/10.1145/390013.808479},
	doi = {10.1145/390013.808479},
	acmid = {808479},
	publisher = {ACM},
	address = {New York, NY, USA},
} 